@PHDTHESIS{alias1,
  AUTHOR      = {Sammy Student},
  TITLE       = {Four Years Later},
  INSTITUTION = {University of Life},
  ADDRESS     = {Ivory Towers},
  DATE        = {2003-10-01},
}

% driver-defined default map to MISC
@THING{alias2,
  AUTHOR      = {Samuel Strange},
  TITLE       = {Entitled},
  ADDRESS     = {Ivory Towers},
  SCHOOL      = {University of West Grantham},
  INSTITUTION = {University of East Grantham},
  DATE        = {2004-03-03},
}

% User-defined map to CUSTOMB
@CHAT{alias3,
  AUTHOR      = {Samuel Strange},
  TITLE       = {Hello},
}

% User-defined map to CUSTOMA plus some alsosets (see tests)
@CONVERSATION{alias4,
  AUTHOR      = {Samuel Strange},
  TITLE       = {Hello},
  PARTICIPANT = {Sam Smith},
  VERBC       = {sometext},
  PUBMEDID    = {anid},
}
