@BOOK{forms1,
  AUTHOR               = {Apple, Apple and Ball, Brian},
  AUTHOR_uniform       = {UApple, Apple and UBall, Brian},
  TITLE_original       = {aTitle},
  TITLE_romanised      = {cTitle},
  YEAR                 = {2000}
}

@BOOK{forms2,
  AUTHOR               = {Apple, Apple and Ball, Brian},
  AUTHOR_uniform       = {UApple, Apple and UBall, Brian},
  TITLE_original       = {bTitle},
  TITLE_romanised      = {aTitle},
  YEAR                 = {2000}
}

@BOOK{forms3,
  AUTHOR               = {Apple, Apple and Ball, Brian},
  AUTHOR_uniform       = {UApple, Apple and UBall, Brian},
  TITLE_original       = {bTitle},
  YEAR                 = {2000}
}
