@BOOK{forms1,
  AUTHOR               = {Булгаков, Павел and Розенфельд, Борис},
  AUTHOR_uniform       =  {Bulgakov, Pavel and Rosenfeld, Boris},
  TITLE_original       = {Мухаммад ибн муса ал-Хорезми. Около 783 – около 850},
  TITLE_romanised      = {Mukhammad al-Khorezmi. Okolo 783 – okolo 850},
  TITLE_translated     = {Mukhammad al-Khorezmi. Ca. 783 – ca. 850},
  LOCATION_original    = {Москва},
  LOCATION_romanised   = {Moskva},
  LOCATION_uniform     = {Moscow},
  PUBLISHER            = {Наука},
  PUBLISHER_romanised  = {Nauka},
  PUBLISHER_translated = {Science},
  INSTITUTION          = {University of Life},
  ADDRESS              = {Ivory Towers},
  DATE                 = {2003-10-01},
}
