% Notice the test here of variant list nulls
@BOOK{forms1,
  LANGID               = {russian},
  AUTHOR               = {Булгаков, Павел and Jim Smith and Розенфельд, Борис},
  AUTHOR_uniform       = {Bulgakov, Pavel and * and Rosenfeld, Boris},
  TITLE_original       = {Мухаммад ибн муса ал-Хорезми. Около 783 – около 850},
  TITLE_romanised      = {Mukhammad al-Khorezmi. Okolo 783 – okolo 850},
  TITLE_translated     = {Mukhammad al-Khorezmi. Ca. 783 – ca. 850},
  LOCATION_original    = {Москва and London},
  LOCATION_romanised   = {Moskva and *},
  LOCATION_translated  = {Moscow and *},
  PUBLISHER            = {Наука},
  PUBLISHER_romanised  = {Nauka},
  PUBLISHER_translated = {Science},
  INSTITUTION          = {University of Life},
  DATE                 = {2002-10-01},
}

@MISC{forms2,
  AUTHOR               = {Булгаков, Павел and Розенфельд, Борис},
  AUTHOR_uniform       = {Bulgakov, Pavel and Rosenfeld, Boris},
  TRANSLATOR           = {Розенфельд, Борис},
  TRANSLATOR_uniform   = {Rosenfeld, Boris},
  TITLE_original       = {Мухаммад ибн муса ал-Хорезми. Около 783 – около 850},
  TITLE_romanised      = {Mukhammad al-Khorezmi. Okolo 783 – okolo 850},
  TITLE_translated     = {Mukhammad al-Khorezmi. Ca. 783 – ca. 850},
  DATE                 = {2003-10-01},
}

@BOOK{forms3,
  OPTIONS              = {labelnamefield=translator,labelnameform=original,labeltitlefield=title,labeltitleform=translated},
  AUTHOR               = {Булгаков, Павел and Розенфельд, Борис},
  AUTHOR_uniform       = {Bulgakov, Pavel and Rosenfeld, Boris},
  TRANSLATOR           = {Розенфельд, Борис},
  TRANSLATOR_uniform   = {Rosenfeld, Boris},
  TITLE_original       = {Мухаммад ибн муса ал-Хорезми. Около 783 – около 850},
  TITLE_romanised      = {Mukhammad al-Khorezmi. Okolo 783 – okolo 850},
  TITLE_translated     = {Mukhammad al-Khorezmi. Ca. 783 – ca. 850},
  DATE                 = {2001-10-01},
}

@BOOK{forms4,
  TITLE                  = {A title},
  TITLE_translated_lang1 = {F title},
  TITLE_translated_lang2 = {C title}
}

@BOOK{forms5,
  TITLE                  = {A title},
  TITLE_translated_lang2 = {C title}
}

@BOOK{forms6,
  TITLE                  = {Z title},
}

% Bad - different number of list and name items for variants
@BOOK{forms7,
  AUTHOR                 = {name1 and name2},
  AUTHOR_translated      = {nameT1 and nameT2 and nameT3},
  LOCATION               = {Loc1 and Loc2},
  LOCATION_translated    = {LocT1 and LocT2},
  LOCATION_translated_l  = {LocTL1 and LocTL2 and LocTL3},
}

@BOOK{forms8,
  TITLE                  = {A title},
  TITLE__lang1           = {L title},
}

@BOOK{forms9,
  LANGID                 = {french},
  TITLE                  = {Un titel},
}

% Testing mapping of all variants (JOURNAL->JOURNALTITLE)
@BOOK{forms10,
  LANGID                 = {french},
  TITLE                  = {Un titel},
  JOURNAL                = {FJ},
  JOURNAL_translated     = {TFJ},
}

@UNPUBLISHED{forms11,
  TITLE                         = {Title},
  TITLE_translated_french       = {Title translated french},
  SUBTITLE_uniform_german       = {Subtitle uniform german},
  MAINTITLE_translated_french   = {Maintitle translated french},
  ADDENDUM                      = {Addendum},
  ADDENDUM_translated_french    = {Addendum},
}

% fieldsource map with translated form and no lang should not match
% as there are two langs for the same form
% fieldsource map with french lang and no form should not match
% as there are two forms for the same lang
@UNPUBLISHED{forms12,
  NOTE_translated_french         = {Note translated french},
  NOTE_translated_german         = {Note translated german},
  JOURNALTITLE_translated_french = {Jtitle translated french},
  JOURNALTITLE_uniform_french = {Jtitle uniform french}
}

% Implied lang and implied form should work regardless of what is implied
% These defaults are not set during sourcemapping and so we assume an empty string
@UNPUBLISHED{forms13,
  JOURNALTITLE__french           = {Jtitle french},
  NOTE_translated                = {Note translated},
}

% Mapping to variant target
@UNPUBLISHED{forms14,
  BOOKTITLE_translated_german    = {German title},
  SERIES                         = {A},
  SERIES_translated_english      = {A},
}

% Testing autovlang
@BOOK{forms15,
  OPTIONS                 = {autovlang=true},
  BOOKTITLE_latin         = {Acta Apocryphorum Apostolorum},
  DATE                    = {1903},
  LOCATION                = {Leipzig},
  PUBLISHER               = {Hermann Mendelssohn},
  PAGES                   = {292-302},
  TITLE_original_greek    = {Περίοδοι καὶ μαρτύριον τοῦ ἁγίου Βαρνάβα τοῦ ἀποστόλου},
  TITLE_uniform_latin     = {Acta Barnabae},
  TITLE_translated_french = {Actes de Barnabé},
  VOLUME                  = {2.2}
}
  