% This is a UTF-8 encoded file
@BOOK{test1,
  YEAR = {1999},
  AUTHOR = {Edward Encalcer},
  TITLE = {Å ome title},
  PUBLISHER = {A press}
}
