@BOOK{L1,
  AUTHOR	    = {John Doe},
  TITLE		    = {Title 1},
  PUBLISHER	    = {Oxford},
  YEAR		    = {1995},
}

@BOOK{L2,
  AUTHOR	    = {John Doe},
  TITLE		    = {Title 2},
  PUBLISHER	    = {Oxford},
  YEAR		    = {1995},
}

@BOOK{L3,
  AUTHOR	    = {John Doe},
  TITLE		    = {Title 3},
  PUBLISHER	    = {Oxford},
  YEAR		    = {1995},
}

@BOOK{L4,
  AUTHOR	    = {John Doe and Albert Abrahams},
  TITLE		    = {Title 1},
  PUBLISHER	    = {Oxford},
  YEAR		    = {1995},
}

@BOOK{L5,
  AUTHOR	    = {John Doe and Albert Abrahams},
  TITLE		    = {Title 2},
  PUBLISHER	    = {Oxford},
  YEAR		    = {1995},
}

@BOOK{L6,
  AUTHOR	    = {John Doe and Albert Abrahams},
  TITLE		    = {Title 1},
  PUBLISHER	    = {Oxford},
  YEAR		    = {1996},
}

@BOOK{L7,
  AUTHOR	    = {John Doe and Albert Abrahams},
  TITLE		    = {Title 2},
  PUBLISHER	    = {Oxford},
  YEAR		    = {1996},
}

@BOOK{L8,
  AUTHOR	    = {Bill Shakespeare},
  TITLE		    = {Works},
  PUBLISHER	    = {Oxford},
  DATE		    = {1985},
}

@BOOK{L9,
  TITLE		    = {Title with no author},
  DATE		    = {1985},
}

@BOOK{L10,
  TITLE		    = {Another title with no author},
  DATE		    = {1985},
}


