@ARTICLE{skip1,
  AUTHOR	    = {John Doe},
  SHORTHAND   = {AFS},
  TITLE		    = {Algorithms For Sorting},
  PUBLISHER	  = {A press},
  LOCATION	  = {Cambridge},
  YEAR		    = {1994},
}

@ARTICLE{skip2,
  OPTIONS     = {skiplos},
  SHORTHAND   = {SA},
  AUTHOR	    = {John Doe},
  TITLE		    = {Sorting Algorithms},
  PUBLISHER	  = {A press},
  LOCATION	  = {Cambridge},
  YEAR		    = {1995},
}

@ARTICLE{skip3,
  OPTIONS     = {skiplos,skiplab},
  SHORTHAND   = {SWA},
  AUTHOR	    = {John Doe},
  TITLE		    = {Sorting With Algorithms},
  PUBLISHER	  = {A press},
  LOCATION	  = {Cambridge},
  YEAR		    = {1934},
}

