@BOOK{L1,
  AUTHOR	    = {Alfred Adler},
}

@BOOK{L2,
  AUTHOR	    = {Bertie B. Bull},
}

@BOOK{L3,
  AUTHOR	    = {C. Z. Crop},
}

@BOOK{L4,
  AUTHOR	    = {Derek D Decket},
}

@BOOK{L5,
  AUTHOR	    = {Egbert von Eel},
}

@BOOK{L6,
  AUTHOR	    = {Francis van der valt Frome},
}

@BOOK{L7,
  AUTHOR	    = {Gregory R. van Gloom},
}

@BOOK{L8,
  AUTHOR	    = {Henry F. van Henkel},
}

@BOOK{L9,
  AUTHOR	    = {Ian {Iliad Ipswich}},
}

@BOOK{L10,
  AUTHOR	    = {Jolly, III, James},
}

@BOOK{L11,
  AUTHOR	    = {van Kluster, Jr., Kevin},
}

@BOOK{L12,
  AUTHOR	    = {Charles Louis Xavier Joseph de la Vall{\'e}e Poussin}
}

@BOOK{L13,
  AUTHOR	    = {Van de Graaff, R. J.}
}

@BOOK{L14,
  AUTHOR	    = {St John-Mollusc, Oliver}
}

@BOOK{L15,
  AUTHOR = {Roger P.{\,}G. van Gompel and Martin H. Fischer and Wayne S. Murray and Robin L. Hill}
}

@BOOK{L16,
  AUTHOR = {Lovecraft, H.{\,}P.}
}