@BOOK{L4,
  AUTHOR	    = {John Doe and others},
  TITLE		    = {Some title about sorting},
  PUBLISHER	  = {Another press},
  LOCATION	  = {Cambridge},
  YEAR		    = {1995},
}

@BOOK{L5,
  AUTHOR	    = {John Doe and others},
  TITLE		    = {Some other title about sorting},
  PUBLISHER	  = {Another press},
  LOCATION	  = {Cambridge},
  YEAR		    = {1995},
}
