@ARTICLE{un8,
  AUTHOR	    = {John AAA and Mike CCC and Mike MMM},
  YEAR		    = {1921},
}

@ARTICLE{un9,
  AUTHOR	    = {John AAA and Mike CCC and Mike MMM and Peter DDD},
  YEAR		    = {1923},
}

@ARTICLE{un10,
  AUTHOR	    = {Jim EEE and Mike CCC and Fred NNN and Peter DDD},
  YEAR		    = {1923},
}
@ARTICLE{un12,
  AUTHOR	    = {Bill NNN},
  YEAR		    = {1923},
}

@ARTICLE{un11,
  AUTHOR	    = {Bill MMM},
  YEAR		    = {1926},
}


