@ARTICLE{un1,
  AUTHOR	    = {John Doe},
  TITLE		    = {Unique 1},
  PUBLISHER	  = {A press},
  LOCATION	  = {Cambridge},
  YEAR		    = {1994},
}

@ARTICLE{un2,
  AUTHOR	    = {Edward Doe},
  TITLE		    = {Unique 2},
  PUBLISHER	  = {A press},
  LOCATION	  = {Cambridge},
  YEAR		    = {1934},
}

@ARTICLE{un3,
  AUTHOR	    = {Jane Doe},
  TITLE		    = {Unique 3},
  PUBLISHER	  = {A press},
  LOCATION	  = {Cambridge},
  YEAR		    = {1983},
}

@ARTICLE{un4,
  AUTHOR	    = {John Doe and Mike Mills},
  TITLE		    = {Unique 4},
  PUBLISHER	  = {A press},
  LOCATION	  = {Cambridge},
  YEAR		    = {1921},
}

@ARTICLE{un5,
  SHORTAUTHOR = {Chaps},
  AUTHOR	    = {John Doe and Mike Mills},
  TITLE		    = {Unique 4},
  PUBLISHER	  = {A press},
  LOCATION	  = {Cambridge},
  YEAR		    = {1921},
}

