@ARTICLE{L1,
  AUTHOR	    = {Aaron Adamson},
  TITLE		    = {Anarchic Ambidexstrous Anomalies},
  PUBLISHER	  = {Aardvark Press},
  LOCATION	  = {Arlington Press},
  YEAR		    = {1995},
}

@ARTICLE{L2,
  AUTHOR	    = {Brian Britherthwaite},
  TITLE		    = {Best Barnacled Boat Bottoms},
  PUBLISHER	  = {British Bulldog Press},
  LOCATION	  = {Bridlington},
  YEAR		    = {2004},
}

@ARTICLE{L3,
  AUTHOR	    = {Clive Clumberton},
  TITLE		    = {Clumsy Cultural Caveats},
  SUBTITLE    = {Counter-cultural Concepts},
  PUBLISHER	  = {Clapp and Clopp Press},
  LOCATION	  = {Cambridge},
  YEAR		    = {1914},
}

@BOOK{L4,
  AUTHOR	    = {Derek Ditherington and David Dumpton},
  TITLE		    = {Dangerous Dames},
  SUBTITLE    = {Don't Dally Dude!},
  PUBLISHER	  = {Dright and Drought Press},
  LOCATION	  = {Dunbar},
  YEAR		    = {2003},
}

@BOOK{L5,
  AUTHOR	    = {Edward E. Ethoxon},
  TITLE		    = {Eating Evil Enemies},
  PUBLISHER	  = {Ethical Encouragement Press},
  LOCATION	  = {Edinburgh},
  YEAR		    = {2007},
}
