@BOOK{L1,
  AUTHOR	    = {John Doe},
  TITLE		    = {Title 1},
  PUBLISHER	  = {Oxford},
  ORIGDATE    = {1985-10-30},
  DATE     = {1998-04-05},
}

@BOOK{L2,
  OPTIONS           = {usetranslator=true,labelyear=origyear,labelname=translator,labelalpha=true},
  AUTHOR	    = {John Doe},
  TRANSLATOR        = {Bill Smith},
  TITLE		    = {Title 1},
  PUBLISHER	  = {Oxford},
  ORIGDATE    = {1985-10-30},
  DATE     = {1998-04-05},
}
