@BOOK{L1,
  AUTHOR	    = {John Doe},
  TITLE		    = {Title 1},
  YEAR		    = {1995},
}

@BOOK{L2,
  AUTHOR	    = {John Doe},
  TITLE		    = {Title 1},
  YEAR		    = {1996},
}

@BOOK{L3,
  TITLE		    = {Title 2},
  YEAR		    = {1995},
}

@BOOK{L4,
  TITLE		    = {Title 2},
  YEAR		    = {1995},
}

@BOOK{L5,
  TITLE		    = {Title 1},
  YEAR		    = {1995},
}

@BOOK{L6,
  SHORTTITLE        = {Title A},
  TITLE		    = {Title 3},
  YEAR		    = {1995},
}

@BOOK{L7,
  TITLE		    = {Title A},
  YEAR		    = {1995},
}


