@BOOK{F1,
  SHORTHAND         = {\emph{A}},
  SORTSHORTHAND     = {A},
  AUTHOR	          = {John Doe},
  TITLE		          = {The Fullness of Times},
  YEAR		          = {1995},
}

% Duplicate key (also with different case). Should be reported via a warning
@BOOK{f1,
  AUTHOR	          = {Someone Else},
  TITLE		          = {The Case of the Duplicitous Duplicate},
  YEAR		          = {1996},
}
