@INBOOK{ms1,
  AUTHOR        = {Miranda Multiscript},
  TITLE         = {Miraculous, Meticulous, Moody},
  DATE          = {1955},
  BOOKTITLE     = {Is overwritten},
  CROSSREF      = {ms2}
}

@BOOK{ms2,
  LANGID                      = {english},
  EDITOR                      = {Ian Ink},
  EDITOR_translated_german    = {Jan Tinte},
  TITLE                       = {Indelible, Infelicitous Idiosyncracies},
  TITLE_translated_german     = {Indelible, ungl√ºckliche Eigenheiten},
  INDEXTITLE                  = {Indextitle},
  EDITION_translated_german   = {Erste},
  PUBLISHER                   = {Rumble and Slush},
  PUBLISHER_translated_german = {Rumble and Schneematsch},
  chapter_translated          = {Rumble and Schneematsch},
  USERA                       = {nonms to nonms},
  YEAR                        = {1974}
}
