@BOOK{L1,
  AUTHOR	    = {John Doe},
  TITLE		    = {Title 1},
  PUBLISHER	    = {Oxford},
  YEAR		    = {1995},
}

@BOOK{L2,
  AUTHOR	    = {John Doe and Albert Abrahams},
  TITLE		    = {Title 2},
  PUBLISHER	    = {Oxford},
  YEAR		    = {1995},
}

@BOOK{L3,
  AUTHOR	    = {John Doe and Albert Abrahams},
  TITLE		    = {Title 3},
  PUBLISHER	    = {Oxford},
  YEAR		    = {1995},
}

@BOOK{L4,
  AUTHOR	    = {John Doe and Albert Abrahams and Ernie Edwards},
  TITLE		    = {Title 4},
  PUBLISHER	    = {Oxford},
  YEAR		    = {1995},
}

@BOOK{L5,
  AUTHOR	    = {John Doe and Albert Abrahams and Ernie Edwards},
  TITLE		    = {Title 5},
  PUBLISHER	    = {Oxford},
  YEAR		    = {1995},
}

@BOOK{L6,
  AUTHOR	    = {John Doe and Simon Smith and Ernie Edwards},
  TITLE		    = {Title 6},
  PUBLISHER	    = {Oxford},
  YEAR		    = {1995},
}

@BOOK{L7,
  AUTHOR	    = {John Doe and Simon Smith and James Jones},
  TITLE		    = {Title 7},
  PUBLISHER	    = {Oxford},
  YEAR		    = {1995},
}

@BOOK{L8,
  AUTHOR	    = {Bill Shakespeare},
  TITLE		    = {Works},
  PUBLISHER	    = {Oxford},
  DATE		    = {1985/1992},
}

% For these two, the shorthand should prevent extraalpha being set for them as
% they are disambiguated by their shorthands and labelalpha is true
@BOOK{L9,
  SHORTHAND   = {SS1},
  AUTHOR	    = {Sam Smiley},
  TITLE		    = {Works},
  PUBLISHER   = {Oxford},
  YEAR		    = {1922},
}

@BOOK{L10,
  SHORTHAND   = {SS2},
  AUTHOR	    = {Sam Smiley},
  TITLE		    = {UnWorks},
  PUBLISHER   = {Oxford},
  YEAR		    = {1922},
}

