@ARTICLE{ms1,
  AUTHOR                                     = {Пушкин, Александр and 徐冰},
  AUTHOR+an:langtags                         = {1=ru-Cyrl;2=zh-Hant},
  AUTHOR_transliteration_ru-Latn             = {Pushkin, Aleksandr and Xu, Bing},
  AUTHOR_transliteration_ru-Latn+an:langtags = {2=zh},
  AUTHOR_transliteration_ru-Grek             = {Πούσκιν, Ἀλεξάντρ and Ξού, Μπίνγκ},
  AUTHOR_transliteration_ru-Grek+an:langtags = {2=zh},
  TITLE                                      = {Title},
  TITLE_translation_fr                       = {Titre},
  DATE		                             = {1995}
}

