@BOOK{L1,
  AUTHOR    = {John Doe},
  TITLE	    = {Title 1},
  PUBLISHER = {Oxford},
  ORIGDATE  = {1985-10-30},
  DATE      = {1998-04-05},
}

@BOOK{L2,
  OPTIONS   = {maxnames=3,maxitems=2,maxalphanames=10},
  AUTHOR    = {Ellison Edwards},
  TITLE	    = {Title 2},
  PUBLISHER = {Oxford},
  DATE      = {1998-04-05},
}
