@ARTICLE{sect1,
  AUTHOR            = {Aaron Adamson},
  TITLE             = {Artificial Advice},
  PUBLISHER         = {Aardvark Press},
  LOCATION          = {Arlington},
  VOLUME            = {4},
  YEAR              = {1995},
}

@ARTICLE{sect2,
  AUTHOR            = {Brian Britherthwaite},
  TITLE             = {Best Barnacled Boat Bottoms},
  PUBLISHER         = {British Bulldog Press},
  LOCATION          = {Bridlington},
  YEAR              = {2004},
}
