@ARTICLE{sect3,
  AUTHOR            = {Clive Clumberton},
  TITLE             = {Clumsy Cultural Caveats},
  SUBTITLE          = {Counter-cultural Concepts},
  PUBLISHER         = {Clapp and Clopp Press},
  LOCATION          = {Cambridge},
  YEAR              = {1914},
}
