@BOOK{sect6,
  AUTHOR            = {Michael Mumford and Millie Mutherington},
  TITLE             = {Malodourous Muffins},
  PUBLISHER         = {Ming and Mink Press},
  LOCATION          = {Manchester},
  YEAR              = {2003},
}

@BOOK{sect7,
  AUTHOR            = {Percy Pilkington},
  TITLE             = {Perhaps Penguins Prance},
  PUBLISHER         = {Possible Prattle Press},
  LOCATION          = {Pimlico},
  YEAR              = {2007},
}
