@SET{Elias1955,
  ENTRYSET = {Elias1955a,Elias1955b},
  CROSSREF = {Elias1955a}
}

@ARTICLE{Elias1955a,
  AUTHOR = {Elias, P.},
  TITLE = {Predictive coding--I},
  JOURNAL = {IRE Transactions on Information Theory},
  YEAR = {1955},
  VOLUME = {1},
  PAGES = {16-24},
  NUMBER = {1},
  MONTH = {3},
  DOI = {10.1109/TIT.1955.1055126},
  ENTRYSET = {Elias1955},
  ISSN = {0096-1000},
}

@ARTICLE{Elias1955b,
  AUTHOR = {Elias, P.},
  TITLE = {Predictive coding--II},
  JOURNAL = {IRE Transactions on Information Theory},
  YEAR = {1955},
  VOLUME = {1},
  PAGES = {24-33},
  NUMBER = {1},
  MONTH = {3},
  DOI = {10.1109/TIT.1955.1055116},
  ENTRYSET = {Elias1955},
  ISSN = {0096-1000},
}

@SET{Static1,
  ENTRYSET   = {Static2, Static3, Static4},
  ANNOTATION = {Some notes}
}

@BOOK{Static2,
  AUTHOR      = {Brian Bumble},
  TITLE       = {Blessed Brains},
  YEAR        = {2001},
  ANNOTATION  = {Some Blessed Note}
}

@BOOK{Static3,
  AUTHOR      = {Clive Crenellation},
  TITLE       = {Castles and Crime},
  YEAR        = {2002}
}

@BOOK{Static4,
  AUTHOR      = {Derek Dingle},
  TITLE       = {Dungeons, Dark and Dangerous},
  YEAR        = {2005}
}