@ARTICLE{skip1,
  OPTIONS     = {skipbiblist=false},
  AUTHOR      = {John Doe},
  SHORTHAND   = {AFS},
  TITLE	      = {Algorithms For Sorting},
  PUBLISHER   = {A press},
  LOCATION    = {Cambridge},
  YEAR	       = {1994},
}
