@ARTICLE{N1,
  AUTHOR            = {Smith, Z.},
}

@ARTICLE{N2,
  AUTHOR            = {Smith de Jones, Z.},
}

@ARTICLE{N3,
  AUTHOR            = {Smith-Jones, Z.},
}

