% Test of U::C case sensitivity and case ordering
@BOOK{CS1,
  AUTHOR            = {Albert, Edwin},
}

@BOOK{CS2,
  AUTHOR            = {albert, Edwin},
}

@BOOK{CS3,
  AUTHOR            = {Albert, edwin},
}
