@BOOK{LS1,
  AUTHOR            = {Slippery, Zönny},
  TITLE             = {Silent Slippers},
  PUBLISHER         = {Footwear Folios},
  LOCATION          = {London},
  YEAR              = {1932},
}

@BOOK{LS2,
  AUTHOR            = {Slippery, Zånny},
  TITLE             = {People Prefer Packages to Post},
  PUBLISHER         = {Terrible Typists},
  LOCATION          = {Grimsby},
  YEAR              = {1945},
}

