@BOOK{MSS1,
  AUTHOR	    = {Brian Bran},
}

@BOOK{MSS2,
  AUTHOR	    = {Alan Author},
  AUTHOR_translated_german = {Heinrick Hekels},
}

@BOOK{MSS3,
  AUTHOR	    = {Alan Author},
  AUTHOR_translated_german = {Heinrick Hekels},
  TITLE                    = {B}
}

@BOOK{MSS4,
  AUTHOR	    = {Alan Author},
  AUTHOR_translated_german = {Heinrick Hekels},
  TITLE                    = {C},
  TITLE_translated         = {A}
}

@BOOK{MSS5,
  AUTHOR	    = {Alan Author},
  AUTHOR_translated_german = {Heinrick Hekels},
  TITLE                    = {B},
  NOTE                     = {Noat}
}

@BOOK{MSS6,
  AUTHOR	    = {Alan Author},
  AUTHOR_translated_german = {Heinrick Hekels},
  TITLE         = {B},
  NOTE          = {Note},
  NOTE__german  = {Nachricht}
}

