@BOOK{L1,
  AUTHOR	    = {John Doe},
  TITLE		    = {Algorithms For Sorting},
  PUBLISHER	  = {A press},
  LOCATION	  = {Cambridge},
  YEAR		    = {1995},
}

@BOOK{L2,
  AUTHOR	    = {John Doe},
  TITLE		    = {Sorting Algorithms},
  PUBLISHER	  = {A press},
  LOCATION	  = {Cambridge},
  YEAR		    = {1995},
}

@BOOK{L3,
  AUTHOR	    = {John Doe},
  TITLE		    = {More and More Algorithms},
  PUBLISHER	  = {A press},
  LOCATION	  = {Cambridge},
  YEAR		    = {1995},
}

@BOOK{L4,
  AUTHOR	    = {John Doe and others},
  TITLE		    = {Some title about sorting},
  PUBLISHER	  = {Another press},
  LOCATION	  = {Cambridge},
  YEAR		    = {1995},
}

@BOOK{L5,
  AUTHOR	    = {John Doe and others},
  TITLE		    = {Some other title about sorting},
  PUBLISHER	  = {Another press},
  LOCATION	  = {Cambridge},
  YEAR		    = {1995},
}
