@PHDTHESIS{alias1,
  AUTHOR      = {Sammy Student},
  TITLE       = {Four Years Later},
  INSTITUTION = {University of Life},
  ADDRESS     = {Ivory Towers},
  DATE        = {2003-10-01},
}

@THING{alias2,
  AUTHOR      = {Samuel Strange},
  TITLE       = {Entitled},
  ADDRESS     = {Ivory Towers},
  SCHOOL      = {University of West Grantham},
  INSTITUTION = {University of East Grantham},
  DATE        = {2004-03-03},
}
