@UNPUBLISHED{i3Š,
  ABSTRACT = {Some abstract %50 of which is useless},
  AUTHOR = {AAA and BBB and CCC and DDD and EEE},
  TITLE  = {Š title},
  DATE   = {2003},
  USERB  = {test},
  LISTA  = {list test},
  LISTB  = {late and early},
  LISTC  = {late and early},
}
