@BOOK{us1,
  AUTHOR  = {Anne Elk},
  TITLE   = {A Theory on Brontosauruses},
  DATE    = {1972},
}

@BOOK{us2,
  AUTHOR  = {Anne Elk and others},
  TITLE   = {A Theory on Einiosauruses},
  DATE    = {1972},
}

@BOOK{us3,
  AUTHOR  = {Anne Uthor},
  TITLE   = {Title B},
  DATE    = {2000},
}

@BOOK{us4,
  AUTHOR  = {Anne Uthor and Editha Ditor and William Writer
             and Jane Doe},
  TITLE   = {Title A},
  DATE    = {2000},
}

@BOOK{us5,
  AUTHOR  = {Anne Uthor and Editha Ditor and William Writer
             and Jane Doe},
  TITLE   = {Title C},
  DATE    = {2000},
}