@ARTICLE {un1,
  AUTHOR = {given={John}, family={Smith}, middle={Simon}}
}

@ARTICLE {un2,
  AUTHOR = {given={John}, family={Smith}, middle={Alan}}
}

@ARTICLE {un3,
  AUTHOR = {given={John}, family={Smith}, middle={Arthur}}
}

@ARTICLE {un4,
  AUTHOR = {given={Alan}, family={Smith}, middle={Simon}}
}

% Per-entry
@ARTICLE {un5,
  OPTIONS = {uniquenametemplatename=test3},
  AUTHOR = {given={Arthur}, family={Smith}, middle={Simon}}
}

% Per-namelist
@ARTICLE {un6,
  AUTHOR = {uniquenametemplatename=test4 and given={Arthur}, family={Smith}, middle={Smythe}}
}

% Per-name
@ARTICLE {un7,
  AUTHOR = {uniquenametemplatename=test5, given={Arthur}, family={Smith}, middle={Smedley}}
}

%  <bcf:uniquenametemplate name='test2'>
%    <bcf:namepart order="1" use="1" base="1">prefix</bcf:namepart>
%    <bcf:namepart order="2" base="1">family</bcf:namepart>
%    <bcf:namepart order="3" disambiguation="none">given</bcf:namepart>
%    <bcf:namepart order="4">middle</bcf:namepart>
%  </bcf:uniquenametemplate>
%  <bcf:uniquenametemplate name='test3'>
%    <bcf:namepart order="1" base="1">family</bcf:namepart>
%    <bcf:namepart order="2" disambiguation="full">middle</bcf:namepart>
%  </bcf:uniquenametemplate>
%  <bcf:uniquenametemplate name='test4'>
%    <bcf:namepart order="1" base="1">family</bcf:namepart>
%    <bcf:namepart order="2" disambiguation="init">middle</bcf:namepart>
%  </bcf:uniquenametemplate>
%  <bcf:uniquenametemplate name='test5'>
%    <bcf:namepart order="1" base="1">family</bcf:namepart>
%    <bcf:namepart order="2" disambiguation="none">middle</bcf:namepart>
%  </bcf:uniquenametemplate>
