@ARTICLE{un8,
  AUTHOR	    = {A. AAA and B. BBB and A. CCC},
}

@ARTICLE{un9,
  AUTHOR	    = {A. AAA and B. BBB and B. CCC and A. DDD},
}

@ARTICLE{un10,
  AUTHOR	    = {B. DDD},
}

@ARTICLE{unapa1,
  AUTHOR	    = {Ireys, A. and Chernoff, A. and DeVet, A. and Kim, A},
}

@ARTICLE{unapa2,
  AUTHOR	    = {Ireys, A. and Chernoff, A. and Stein, A. and DeVet, A. and Silver, A.},
}





