% both should be uniquelist=undef as the year disambiguates
@ARTICLE{uls1,
  AUTHOR      = {John Smith and Henry Jones},
  YEAR        = {2000}
}

@ARTICLE{uls2,
  AUTHOR      = {John Smith and Sam Small},
  YEAR        = {2001}
}

% Should be uniquelist = 2 for both as the year is the same
@ARTICLE{uls3,
  AUTHOR      = {Henry Helarn and Brian Bonkers},
  YEAR        = {2000}
}

@ARTICLE{uls4,
  AUTHOR      = {Henry Helarn and Michael Resin},
  YEAR        = {2000}
}

% uls5 and uls6 should all be uniquelist = 2 as same year but uls7 should be undef
@ARTICLE{uls5,
  AUTHOR      = {Robert Feld and Ian Ink},
  YEAR        = {2000}
}

@ARTICLE{uls6,
  AUTHOR      = {Robert Feld and Brian Belt},
  YEAR        = {2000}
}

@ARTICLE{uls7,
  AUTHOR      = {Robert Feld and Stanley Gibbons},
  YEAR        = {2001}
}


