@ARTICLE{un1,
  AUTHOR	    = {John AAA},
  YEAR		    = {1994},
}
% Always good to have a repeated labelname entry as this is often an edge case
@ARTICLE{un1a,
  AUTHOR	    = {John AAA},
  YEAR		    = {1999},
}

@ARTICLE{un2,
  AUTHOR	    = {J. AAA},
  YEAR		    = {1999},
}

@ARTICLE{un3,
  AUTHOR	    = {K. AAA},
  YEAR		    = {1939},
}

@ARTICLE{un4,
  AUTHOR	    = {Edward AAA},
  YEAR		    = {1934},
}

@ARTICLE{un5,
  AUTHOR	    = {Jane AAA},
  YEAR		    = {1983},
}

% uniquelist not set because it's not ambiguous with un1 with max/minnames=1 because
% un1 is "AAA" and un6 is "AAA et al".
@ARTICLE{un6,
  AUTHOR	    = {John AAA and Mike BBB},
  YEAR		    = {1921},
}

@ARTICLE{un7,
  SHORTAUTHOR = {Chaps},
  AUTHOR	    = {John AAA and Mike BBB},
  YEAR		    = {1921},
}

% Should not interfere with anything due to skiplab, should fail some tests without this
% as it means that un4 needs more than initials expansion
@ARTICLE{un8,
  OPTIONS     = {skiplab},
  AUTHOR	    = {Evelyn AAA},
  YEAR		    = {1994},
}

% test2 should have un=0 because minnames makes Brian Jones invisible
@BOOK{test1,
  AUTHOR = {Paul Smith and Brian Jones and Peter Brown},
  YEAR = {1900}
}

@BOOK{test2,
  AUTHOR = {Henry Jones},
  YEAR = {1903}
}

@MISC{test3,
  AUTHOR	  = {John Smith and John Doe},
  DATE		  = {2011}
}

@MISC{test4,
  AUTHOR	  = {John Smith and Jane Doe},
  DATE		  = {2011}
}

@MISC{test5,
  AUTHOR	  = {John Smith and Edward Doe},
  DATE		  = {2011}
}
