@article {entry1a,
author = {Smith and Johnson and Doe},
title = {Article a},
year = 2005
}

@article {entry1b,
author = {Smith and Johnson and Doe},
title = {Article b},
year = 2005
}

@article {entry2a,
author = {Smith and Koe and Edwards},
title = {Article a},
year = 2005
}

@article {entry2b,
author = {Smith and Koe and Edwards},
title = {Article b},
year = 2005
}
